<?xml version="1.0" encoding="UTF-8"?><collection xmlns="http://www.loc.gov/MARC21/slim"><record><leader>00353nam--2200121-i-4500</leader><controlfield tag="001">000038932</controlfield><controlfield tag="002">20161230</controlfield><controlfield tag="005">20161230201042</controlfield><controlfield tag="008">060222s1000------------r-----000-0-eng-d</controlfield><datafield ind1=" " ind2=" " tag="080"><subfield code="a">001.8</subfield></datafield><datafield ind1=" " ind2=" " tag="245"><subfield code="a">Review of current research and directory of member institutions. 1955</subfield></datafield><datafield ind1=" " ind2=" " tag="260"><subfield code="a">New York, Eng.College Research Concil, /1955/, Xii + 352p</subfield></datafield><datafield ind1=" " ind2=" " tag="852"><subfield code="a">11990</subfield></datafield></record></collection>